<?xml version="1.0" encoding="UTF-8"?><collection xmlns="http://www.loc.gov/MARC21/slim"><record><leader>00414nam--2200121-i-4500</leader><controlfield tag="001">000013613</controlfield><controlfield tag="002">20161230</controlfield><controlfield tag="005">20161230201030</controlfield><controlfield tag="008">060222s1000------------r-----000-0-eng-d</controlfield><datafield ind1=" " ind2=" " tag="245"><subfield code="a">Developments in petroleum science vol.10: deconvolution of geophysical time series in the exploration for oil and natural gas</subfield></datafield><datafield ind1=" " ind2=" " tag="260"><subfield code="a">Amsterdam, Elsevier Sci.Publ.Co., 1979</subfield></datafield><datafield ind1=" " ind2=" " tag="700"><subfield code="a">Silvia, M.T.And Robinson, E.A</subfield></datafield><datafield ind1=" " ind2=" " tag="852"><subfield code="a">49077</subfield></datafield></record></collection>